%! Author = imarc
%! Date = 19/12/2024

@article{baeldung.dao,
  author = {Baeldung},
  title = {Java DAO Pattern},
  url = {https://www.baeldung.com/java-dao-pattern},
  year = {2024},
  urldate = {2024-12}
}

@article{oracle.dao,
  author = {Oracle},
  title = {Data Access Object},
  url = {https://www.oracle.com/java/technologies/data-access-object.html},
  year = {2024},
  urldate = {2024-12}
}

@software{jetbrains.idea,
  author = {{JetBrains}},
  title = {IntelliJ IDEA},
  year = {2024},
  publisher = {JetBrains s.r.o.},
  version = {2024.3.1.1},
  url = {https://www.jetbrains.com/idea/},
  note = {Ultimate Edition}
}

@book{maven,
  title={Apache Maven},
  author={Miller, Frederic P and Vandome, Agnes F and McBrewster, John},
  year={2010},
  publisher={Alpha Press}
}

@software{mockaroo,
  title = {Mockaroo},
  author = {{Mockaroo, LLC}},
  year = {2024},
  url = {https://www.mockaroo.com},
  note = {Herramienta de generaci√≥n de datos de prueba},
  type = {Web Application}
}

@software{logback,
  title = {Logback},
  author = {Ceki G\"{u}lc\"{u} and QOS.ch},
  year = {2024},
  url = {https://logback.qos.ch/},
  version = {1.5.6},
  type = {Software Library},
  note = {Framework de logging para Java}
}

@software{jetbrains.annotations,
  title = {JetBrains Java Annotations},
  author = {{JetBrains}},
  year = {2024},
  url = {https://github.com/JetBrains/java-annotations},
  version = {26.0.1},
  type = {Software Library},
  note = {Biblioteca de anotaciones para Java}
}

@article{talagala2022data,
  author = {Talagala, Nisha},
  title = {Data as {The} {New} {Oil} {Is} {Not} {Enough}: {Four} {Principles} {For} {Avoiding} {Data} {Fires}},
  journal = {Forbes},
  year = {2022},
  month = {3},
  day = {2},
  url = {https://www.forbes.com/sites/nishatalagala/2022/03/02/data-as-the-new-oil-is-not-enough-four-principles-for-avoiding-data-fires/},
  urldate = {2024-12-20}
}

@misc{stackoverflow2014defaultforbidden,
  author       = {user3624295 and others},
  title        = {Java 8: Why is it forbidden to define a default method for a method from java.lang.Object?},
  howpublished = {\url{https://stackoverflow.com/questions/24016962/java8-why-is-it-forbidden-to-define-a-default-method-for-a-method-from-java-lan}},
  year         = {2014},
  month        = {6},
}

@misc{mikemybytes2021defaultmethods,
  author       = {MikeMyBytes},
  title        = {No need to hate Java default methods},
  howpublished = {\url{https://mikemybytes.com/2021/08/05/no-need-to-hate-java-default-methods/}},
  year         = {2021},
  month        = {8},
}

@misc{digitalocean2024templatemethod,
  author       = {DigitalOcean},
  title        = {Template Method Design Pattern in Java},
  howpublished = {\url{https://www.digitalocean.com/community/tutorials/template-method-design-pattern-in-java}},
  year         = {2024},
  month        = {6},
  note         = {Accessed: 2024-06-20}
}





